@article{Clayton2011,
title = {Models of cardiac tissue electrophysiology: Progress, challenges and open questions},
journal = {Progress in Biophysics and Molecular Biology},
year = {2011},
doi = {https://doi.org/10.1016/j.pbiomolbio.2010.05.008},
author = {R.H. Clayton and O. Bernus and E.M. Cherry and H. Dierckx and F.H. Fenton and L. Mirabella and A.V. Panfilov and F.B. Sachse and G. Seemann and H. Zhang},
}

@article{Fenton2002,
author = {Fenton,Flavio H. and Cherry,Elizabeth M. and Hastings,Harold M. and Evans,Steven J.},
title = {Multiple mechanisms of spiral wave breakup in a model of cardiac electrical activity},
journal = {Chaos: An Interdisciplinary Journal of Nonlinear Science},
year = {2002},
doi = {https://doi.org/10.1063/1.1504242},
}

@manual{Dreher2017,
author = {Dreher, Jürgen},
title = {Numerical Simulation of Cardiac Tissue Electrophysiology},
subtitle = {Versuchsanleitung zum Fortgeschrittenen-Praktikum},
year = {2017},
organization = {Ruhr-Universität Bochum},
}

% @article{Fenton2008-08,
% author = {Fenton, F. H and Cherry, E. M.},
% title = {{M}odels of cardiac cell},
% year = {2008},
% journal = {Scholarpedia},
% volume = {3},
% number = {8},
% doi = {10.4249/scholarpedia.1868},
% note = {revision \#91508}
% }

@article{Fenton2008-07,
author = {Fenton, F. H and Cherry, E. M. and Glass, L. },
title = {{C}ardiac arrhythmia},
year = {2008},
journal = {Scholarpedia},
volume = {3},
number = {7},
doi = {10.4249/scholarpedia.1665},
note = {revision \#121399}
}

@online{thevirtualheart,
author = {Fenton, F. H. and Cherry, E. M.},
title = {The Virtual Heart},
url = {http://dev1.thevirtualheart.org/},
urldate = {2019-26-06},
}


%  vim: set ff=unix tw=79 sw=4 ts=4 et ic ai :
